<?xml version="1.0" encoding="utf-8"?>
<record xmlns="http://www.loc.gov/MARC21/slim" xmlns:xsi="http://www.w3.org/2001/XMLSchema-instance" xsi:schemaLocation="http://www.loc.gov/MARC21/slim http://www.loc.gov/standards/marcxml/schema/MARC21slim.xsd">
	<leader>     nam a22        4500</leader>
	<controlfield tag="001">2303132</controlfield>
	<controlfield tag="003">NIC</controlfield>
	<controlfield tag="006">m        d        </controlfield>
	<controlfield tag="007">cr cn |||m|||a</controlfield>
	<controlfield tag="008">160520m19779999sy      ob    001 0carar </controlfield>
	<datafield ind1=" " ind2=" " tag="040">
		<subfield code="a">NNU</subfield>
		<subfield code="b">eng</subfield>
		<subfield code="e">rda</subfield>
		<subfield code="c">NNU</subfield>
	</datafield>
	<datafield ind1=" " ind2=" " tag="043">
		<subfield code="a">a-sy---</subfield>
	</datafield>
	<datafield ind1="0" ind2="0" tag="050">
		<subfield code="a">DS99.D3</subfield>
		<subfield code="b">I23 1981</subfield>
	</datafield>
	<datafield ind1="1" ind2=" " tag="100">
		<subfield code="6">880-01</subfield>
		<subfield code="a">Ibn ʻAsākir, ʻAlī ibn al-Ḥasan,</subfield>
		<subfield code="d">1105-1176.</subfield>
	</datafield>
	<datafield ind1="1" ind2="0" tag="245">
		<subfield code="6">880-02</subfield>
		<subfield code="a">Tārīkh madīnat Dimashq :</subfield>
		<subfield code="b">wa-dhikr faḍlihā wa-tasmiyat man ḥallahā min al-amāthil aw ijtāza bi-nawāḥīhā min wāridīhā wa-ahlihā /</subfield>
		<subfield code="c">taṣnīf Abī al-Qāsim ʻAlī ibn al-Ḥasan ibn Hibat Allāh ibn ʻAbd Allāh al-Shāfiʻī al-maʻrūf bi-ibn ʻAsākir ; taḥqīq Sukaynah al-Shihābī, Muṭāʻ al-Ṭarābīshī.</subfield>
	</datafield>
	<datafield ind1=" " ind2=" " tag="260">
		<subfield code="6">880-03</subfield>
		<subfield code="a">Dimashq :</subfield>
		<subfield code="b">Majmaʻ al-Lughah al-ʻArabīyah,</subfield>
		<subfield code="c">&lt;[1977]-2008&gt;</subfield>
	</datafield>
	<datafield ind1=" " ind2=" " tag="300">
		<subfield code="a">online resource (volumes &lt;1-4, 7, 32-47, 49-52, 59-68&gt;)</subfield>
	</datafield>
	<datafield ind1=" " ind2=" " tag="336">
		<subfield code="a">text</subfield>
		<subfield code="2">rdacontent</subfield>
	</datafield>
	<datafield ind1=" " ind2=" " tag="337">
		<subfield code="a">computer</subfield>
		<subfield code="2">rdamedia</subfield>
	</datafield>
	<datafield ind1=" " ind2=" " tag="338">
		<subfield code="a">online resource</subfield>
		<subfield code="2">rdacarrier</subfield>
	</datafield>
	<datafield ind1=" " ind2=" " tag="500">
		<subfield code="a">Editors and revisers vary for each vol.</subfield>
	</datafield>
	<datafield ind1=" " ind2=" " tag="500">
		<subfield code="a">Part of the Arabic Collections Online (ACO) project, contributed by Cornell University Libraries.</subfield>
	</datafield>
	<datafield ind1=" " ind2=" " tag="504">
		<subfield code="a">Includes bibliographical references and indexes.</subfield>
	</datafield>
	<datafield ind1="0" ind2=" " tag="505">
		<subfield code="a">v. 1-2. al-Sīrah al-Nabawīyah -- v. 7. Aḥmad ibn ʻUtbah-Aḥmad ibn Muḥammad ibn al-Muʼammal -- v. 12. Ḥārithah-Ḥabīb al-Muʼadhdhin -- v. 32. ʻUbādah ibn Awfī-ʻAbd Allāh ibn Thuwab -- v. 33. ʻAbd Allāh ibn Jābir-ʻAbd Allāh ibn Zayd -- v. 34. ʻAbd Allāh ibn Sālim-ʻAbd Allāh ibn Abī ʻAʼishah -- v. 38. ʻAbd Allāh ibn Qays-ʻAbd Allāh ibn Masʻadah -- v. 39. ʻAbd Allāh ibn Masʻūd-ʻAbd al-Ḥamīd ibn Bakkār -- v. 40. ʻAbd al-Ḥamīd ibn Ḥabīb -- ʻAbd al-Raḥmān ibn ʻAbd Allāh -- v. 42. ʻAbd al-Raḥmān ibn Masad-ʻAbd al-ʻAzīz ibn ʻUmar ibn ʻAbd al-ʻAzīz -- v. 43. ʻAbd al-ʻAzīz ibn ʻUmayr-ʻAbd al-Wāḥid ibn Zayd al-Baṣrī -- v. 47. ʻUthmān ibn ʻAffān -- v. 50. Riyāḍ ʻAbd al-Ḥamīd Murād-Maḥmūd ʻAbd al-Qādir al-Arnā'ūṭ-Yāsīn Maḥmūd al-Khaṭīb -- v. 54. ʻUmar ibn Khayrān-ʻAmrū ibn Jabr al-Ḥāfiẓ.</subfield>
	</datafield>
	<datafield ind1=" " ind2=" " tag="533">
		<subfield code="a">Electronic reproduction.</subfield>
		<subfield code="b">New York, N.Y. :</subfield>
		<subfield code="c">New York University,</subfield>
		<subfield code="d">2016.</subfield>
		<subfield code="5">NNU</subfield>
	</datafield>
	<datafield ind1=" " ind2="0" tag="651">
		<subfield code="a">Damascus (Syria)</subfield>
		<subfield code="v">Biography.</subfield>
	</datafield>
	<datafield ind1=" " ind2="0" tag="651">
		<subfield code="a">Syria</subfield>
		<subfield code="v">Biography.</subfield>
	</datafield>
	<datafield ind1=" " ind2="7" tag="651">
		<subfield code="a">Syria.</subfield>
		<subfield code="2">fast</subfield>
		<subfield code="0">(OCoLC)fst01208757</subfield>
	</datafield>
	<datafield ind1=" " ind2="7" tag="651">
		<subfield code="a">Syria</subfield>
		<subfield code="z">Damascus.</subfield>
		<subfield code="2">fast</subfield>
		<subfield code="0">(OCoLC)fst01207112</subfield>
	</datafield>
	<datafield ind1=" " ind2="7" tag="655">
		<subfield code="a">Biography.</subfield>
		<subfield code="2">fast</subfield>
		<subfield code="0">(OCoLC)fst01423686</subfield>
	</datafield>
	<datafield ind1="1" ind2=" " tag="700">
		<subfield code="6">880-04</subfield>
		<subfield code="a">Shihābī, Sukaynah.</subfield>
	</datafield>
	<datafield ind1="1" ind2=" " tag="700">
		<subfield code="6">880-05</subfield>
		<subfield code="a">Ṭarābīshī, Muṭāʻ.</subfield>
	</datafield>
	<datafield ind1="2" ind2=" " tag="710">
		<subfield code="a">Cornell University.</subfield>
		<subfield code="b">Libraries.</subfield>
	</datafield>
	<datafield ind1="0" ind2=" " tag="730">
		<subfield code="a">Arabic Collections Online.</subfield>
	</datafield>
	<datafield ind1="0" ind2="8" tag="776">
		<subfield code="i">Print version:</subfield>
		<subfield code="a">Ibn ʻAsākir, ʻAlī ibn al-Ḥasan, 1105-1176.</subfield>
		<subfield code="t">Tārīkh madīnat Dimashq</subfield>
		<subfield code="w">(NIC)2303132</subfield>
		<subfield code="w">(DLC)   82968706 </subfield>
		<subfield code="w">(OCoLC)13095721</subfield>
	</datafield>
	<datafield ind1="4" ind2="0" tag="856">
		<subfield code="u">http://hdl.handle.net/2333.1/rv15dztx</subfield>
	</datafield>
	<datafield ind1="1" ind2=" " tag="880">
		<subfield code="6">100-01/r</subfield>
		<subfield code="a">ابن عساكر، علي بن الحسن.</subfield>
	</datafield>
	<datafield ind1="1" ind2="0" tag="880">
		<subfield code="6">245-02/r</subfield>
		<subfield code="a">تاريخ مدينة دمشق :</subfield>
		<subfield code="b">وذكر فضلها وتسمية من حلها من الأماثل أو اجتاز بنواحيها من وارديها وأهلا /</subfield>
		<subfield code="c">تصنيف أبي القاسم علي بن الحسن بن هبة الله بن عبد الله الشافعي المعروف بابن عساكر ؛ تحقيق سكينة الشهابي، مطاع الطرابيشي.</subfield>
	</datafield>
	<datafield ind1=" " ind2=" " tag="880">
		<subfield code="6">260-03/r</subfield>
		<subfield code="a">دمشق :</subfield>
		<subfield code="b">مجمع اللغة العربية،</subfield>
		<subfield code="c">&lt;[1977]2008&gt;</subfield>
	</datafield>
	<datafield ind1="1" ind2=" " tag="880">
		<subfield code="6">700-04/r</subfield>
		<subfield code="a">شهابي، سكينة.</subfield>
	</datafield>
	<datafield ind1="1" ind2=" " tag="880">
		<subfield code="6">700-05/r</subfield>
		<subfield code="a">طرابيشي، مطاع.</subfield>
	</datafield>
	<datafield ind1=" " ind2=" " tag="959">
		<subfield code="a">NNU</subfield>
		<subfield code="b">WEB</subfield>
		<subfield code="c">GENI</subfield>
		<subfield code="t">0</subfield>
		<subfield code="m">Electronic access</subfield>
		<subfield code="s">01</subfield>
	</datafield>
	<datafield ind1=" " ind2=" " tag="999">
		<subfield code="i">NIC_2303132</subfield>
		<subfield code="o">(OCoLC)ocm13095721 </subfield>
		<subfield code="s">cornell_aco000630:v.2</subfield>
		<subfield code="s">cornell_aco000657:v.43</subfield>
		<subfield code="s">cornell_aco000631:v.42</subfield>
	</datafield>
</record>
